@comment{This file has been generated by Pybliographer}
@comment{Estes s�o os tipos de refer�ncias ja formatados.
Book = Livro
Article = Artigo de periodico
InBook = Cap�tulo de livro
InProceedings = Resumos de congressos
Proceedings = Trabalhos completos de eventos
MasterThesis = Disserta��o de mestrado
PhDThesis = Tese de doutorado
} 


@article{papazoglou2007service,
  title={Service-oriented computing: State of the art and research challenges},
  author={Papazoglou, Michael P and Traverso, Paolo and Dustdar, Schahram and Leymann, Frank},
  journal={Computer},
  number={11},
  pages={38--45},
  year={2007},
  publisher={IEEE}
}

@article{papazoglou2007serviceApprTechRechIss,
  title={Service oriented architectures: approaches, technologies and research issues},
  author={Papazoglou, Mike P and Van Den Heuvel, Willem-Jan},
  journal={The VLDB journal},
  volume={16},
  number={3},
  pages={389--415},
  year={2007},
  publisher={Springer}
}


@article{papazoglou2008service,
  title={Service-oriented computing: a research roadmap},
  author={Papazoglou, Michael P and Traverso, Paolo and Dustdar, Schahram and Leymann, Frank},
  journal={International Journal of Cooperative Information Systems},
  volume={17},
  number={02},
  pages={223--255},
  year={2008},
  publisher={World Scientific}
}


@inproceedings{chen2008towards,
  title={Towards service engineering: service orientation and business-IT alignment},
  author={Chen, Hong-Mei},
  booktitle={Hawaii International Conference on System Sciences, Proceedings of the 41st Annual},
  pages={114--114},
  year={2008},
  organization={IEEE}
}

@book{erl2009web,
  title={Web service contract design and versioning for SOA},
  author={Erl, Thomas and Karmarkar, Anish and Walmsley, Priscilla and Haas, Hugo and Yalcinalp, L Umit and Liu, Kevin and Orchard, David and Tost, Andre and Pasley, James},
  year={2009},
  publisher={Prentice Hall}
}

@book{erl2008soa,
  title={Soa: principles of service design},
  author={Erl, Thomas},
  volume={1},
  year={2008},
  publisher={Prentice Hall Upper Saddle River}
}

@book{erl2008soaDesigPatterns,
  title={SOA design patterns},
  author={Erl, Thomas},
  year={2008},
  publisher={Pearson Education}
}


@inproceedings{leymann2005combining,
  title={Combining Web Services and the Grid: Towards Adaptive Enterprise Applications.},
  author={Leymann, Frank},
  booktitle={CAiSE Workshops (2)},
  pages={9--21},
  year={2005}
}

@article{hadley2006web,
  title={Web application description language (WADL)},
  author={Hadley, Marc J},
  year={2006},
  publisher={Sun Microsystems, Inc.}
}

@Misc{swaggerSite,
  title = 	 {Swagger - The World's Most Popular Framework for APIs.},
  howpublished = {\url{http://swagger.io/}},
  note = 	 {Swagger project oficial site}
}

@article{lima2015neoidl,
  title={NeoIDL: A Domain Specific Language for Specifying REST Contracts Detailed Design and Extended Evaluation},
  author={Lima, Lucas and Bonif{\'a}cio, Rodrigo and Canedo, Edna and de Castro, Thiago Mael and Fernandes, Ricardo and Palmeira, Alisson and Kulesza, Uir{\'a}},
  journal={International Journal of Software Engineering and Knowledge Engineering},
  volume={25},
  number={09n10},
  pages={1653--1675},
  year={2015},
  publisher={World Scientific} 
}




@article{meyer1992applying,
  title={Applying'design by contract'},
  author={Meyer, Bertrand},
  journal={Computer},
  volume={25},
  number={10},
  pages={40--51},
  year={1992},
  publisher={IEEE}
}

@book{meyer1991eiffel,
  title={Eiffel: The Language},
  author={Meyer, Bertrand},
  volume={1},
  year={1991},
  publisher={Prentice Hall}
}

% abaixo as referências originais (apenas para copia da estrutura)

@book{Oppenheim-Schafer:1989,
	author={Alan V. Oppenheim and Ronald W. Schafer},
	title={Discrete-Time Signal Processing},
	publisher={Prentice Hall},
	year={1989},
        editor={outro},
	address={Englewood Cliffs, New Jersey 07632},
	series={Prentice Hall Signal Processing Series}
}


@Book{Teixeira-Filho:1991,
  Author         = {A R {Teixeira Filho}},
  Title          = {Piscicultura ao alcance de todos},
  Publisher      = {Nobel},
  Address        = {S\~ao Paulo},
  pages          = 212,
  year           = 1991,
}

@Article{ramirez-colin:1994,
  Author         = {J J Ram\'{\i}rez and R T Col\'{\i}n},
  Title          = {Especie nueva del g\'enero \textit{Jatropha}
                   ({E}uphorbiaceae) de la secc\'{\i}on \textit{Mozinna}},
  Journal        = {Anales del Instituto de Biologia},
  Volume         = {65},
  Number         = {1},
  Pages          = {1--5},
  year           = 1994,
}

@InBook{Soderlund-Bloomquist:1990,
  Author         = {D M Soderlund and J R Bloomquist},
  Editor         = {R T Roush and B E Tabashnik},
  Title          = {Pesticide resistence in arthropods},
  Chapter        = {Molecular mechanisms of insecticide resistance},
  Pages          = {58--96},
  Publisher      = {Chapman and Hall},
  Address        = {New York},
  year           = 1990,
}

@InProceedings{prete:1994,
  Author         = {C E C Prete},
  Title          = {Comportamento de h\'{\i}bridos e variedades de milho
                   em {L}ondrina-{PR}},
  BookTitle      = {Centro-Oeste: cintur�o de milho e sorgo no Brasil},
  Number         = {20},
  Pages          = {87},
  Address        = {Goi\^ania},
  Organization   = {Goi\^ania},
  Publisher      = {ABMS/EMGOPA/EMBRAPA, CNPMS/UFG/EMATER-GO},
  inproctitle    = {Congresso nacional de milho e sorgo},
  year           = 1994,
}

@Proceedings{SGP:1993,
  Title          = {Society of general physiologist. Annual symposium},
  Number         = {47},
  Address        = {New York},
  Publisher      = {Rockefeller University Press},
  Note           = {1994},
  Organization   = "Woods Hole",
  pages          = {297},
  booktitle      = {Molecular evolution of physiological processes},
  year           = 1993,
}

@MastersThesis{Timm:1994,
  Author         = {L C Timm},
  Title          = {Avalia\c{c}\~ao de alguns modelos matem\'aticos para a
                   determina\c{c}\~ao da condutividade hidr\'aulica de
                   solos n\~ao saturados},
  School         = {Universidade Federal de Vi\c{c}osa},
  Address        = {Vi\c{c}osa},
  pages          = {74},
  year           = 1994,
}

@PhdThesis{Silva:1989,
  Author         = {J N M Silva},
  Title          = {The behaviour of the tropical rain forest of the
                   {B}razilian {A}mazon after logging},
  School         = {University of Oxford},
  Type           = {Thesis({P}h.{D}.)},
  Address        = {Oxford},
  pages          = 325,
  year           = 1989,
}

@PhdThesis{Piccolo:1994,
  Author         = {M C Piccolo},
  Title          = {Comportamento do nitrog\^enio do solo em
                   cronossequ\^encias de floresta-pastagem em {R}ond\^onia},
  School         = {Centro de Energia Nuclear na Agricultura, Universidade
                   de S\~ao Paulo},
  Address        = {Piracicaba},
  pages          = {69},
  year           = 1994,
}


